@article{fowler2007,
	title={Network analysis and the law: Measuring the legal importance of precedents at the US Supreme Court},
	author={Fowler, James H and Johnson, Timothy R and Spriggs, James F and Jeon, Sangick and Wahlbeck, Paul J},
	journal={Political Analysis},
	pages={324--346},
	year={2007},
	publisher={JSTOR}
}
@book{epstein2014,
	title={An introduction to empirical legal research},  author={Epstein, Lee and Martin, Andrew D},
	year={2014},
	publisher={Oxford University Press}
}
@article{heise2011,
	title={An empirical analysis of empirical legal scholarship production, 1990-2009},
	author={Heise, Michael},
	journal={University of Illinois Law Review},
	pages={1739--1752},
	year={2011},
}
@article{ho2013,
	title={Introduction: The empirical revolution in law},
	author={Ho, Daniel E and Kramer, Larry},
	journal={Stanford Law Review},
	pages={1195--1202},
	year={2013}, 
}
@article{frankenreiter2020,
	author = {Frankenreiter, Jens and Livermore, Michael A.},
	title = {Computational Methods in Legal Analysis},
	journal = {Annual Review of Law and Social Science},
	volume = {16},
	number = {1},
	year = {2020},
	doi = {10.1146/annurev-lawsocsci-052720-121843},
	URL = {https://doi.org/10.1146/annurev-lawsocsci-052720-121843
	},
}
@article{buchanan2014,
	title={Empirical analysis of legal institutions and institutional change: multiple-methods approaches and their application to corporate governance research},
	author={Buchanan, John and Chai, Dominic Heesang and Deakin, Simon},
	journal={Journal of Institutional Economics},
	volume={10},
	number={1},
	pages={1--20},
	year={2014},
	publisher={Cambridge University Press}
}
@article{armour2009,
	author    = {Armour, John and Deakin, Simon and Lele, Priya and Siems, Mathias M.},
	title     = {How Do Legal Rules Evolve? Evidence from a Cross-Country Comparison of Shareholder, Creditor, and Worker Protection},
	journal   = {American Journal of Comparative Law},
	pages     = {579-629},
	year      = {2009},
	volume    = {57},
	number    = {3},
	owner     = {C},
	timestamp = {2016.08.15},
}
@Article{siems2016,
	author    = {Siems, Mathias M.},
	title     = {Varieties of Legal Systems: Towards a New Global Taxonomy},
	journal   = {Journal of Institutional Economics},
	pages     = {579-602},
	year      = {2016},
	volume    = {12},
	number    = {3},
	owner     = {C},
	timestamp = {2016.04.23},
}
@Article{cabrelli2015,
	author    = {Cabrelli, David and Siems, Mathias M.},
	title     = {Convergence, Legal Origins, and Transplants in Comparative Corporate Law: A Case-Based and Quantitative Analysis},
	journal   = {The American Journal of Comparative Law},
	pages     = {109-153},
	year      = {2015},
	volume    = {63},
	location  = {?},
	owner     = {C},
	publisher = {?},
	timestamp = {2016.01.07},
}
@article{cross2007,
	title={The Reagan revolution in the network of law},
	author={Cross, Frank B and Smith, Thomas A and Tomarchio, Antonio},
	journal={Emory Law Journal},
	volume={57},
	pages={1227},
	year={2007},
}
@book{livermore2019,
	title={Law as Data: Computation, Text, \& the Future of Legal Analysis},
	author={Livermore, Michael A and Rockmore, Daniel Nahum},
	year={2019},
	publisher={Santa Fe Institute Press}
}
@article{palla2007,
	author  = {Gergely Palla and Albert-L\'aszl\'o Barab\'asi and Tam\'as Vicsek},
	title   = {Quantifying Social Group Evolution},
	journal = {Nature Letters},
	pages   = {664--667},
	year    = {2007},
	volume  = {446},
}
@article{koniaris2018,
	title={Network Analysis in the Legal Domain: A complex model for European Union legal sources},
	author={Koniaris, Marios and Anagnostopoulos, Ioannis and Vassiliou, Yannis},
	journal={Journal of Complex Networks},
	volume={6},
	number={2},
	pages={243--268},
	year={2018},
	publisher={Oxford University Press}
}
@Article{boulet2011,
  author    = {Boulet, Romain and Mazzega, Pierre and Bourcier, Dani\`ele},
  title     = {A Network Approach to the French System of Legal Codes -- Part I: Analysis of a Dense Network},
  journal   = {Artificial Intelligence and Law},
  pages     = {333-355},
  year      = {2011},
  volume    = {19},
  timestamp = {2016.01.07},
}
@Article{katz2014,
  author    = {Katz, Daniel Martin and Bommarito, Michael J.},
  title     = {Measuring the Complexity of the Law: the United States Code},
  journal   = {Artificial Intelligence and Law},
  pages     = {337-374},
  year      = {2014},
  volume    = {22},
  timestamp = {2016.01.04},
}
@article{fjelstul2019,
  doi = {10.1177/1465116519842947},
  url = {https://doi.org/10.1177/1465116519842947},
  year = {2019},
  month = may,
  publisher = {{SAGE} Publications},
  volume = {20},
  number = {4},
  pages = {670--691},
  author = {Joshua C Fjelstul},
  title = {The evolution of European Union law: A new data set on the Acquis Communautaire},
  journal = {European Union Politics}
}
@Incollection{koniaris2014,
  author    = {Koniaris, Marios and Anagnostopoulos, Ioannis and Vassiliou, Yannis},
  title     = {Legislation as a Complex System: Modeling and Analysis over the European Union Law},
  booktitle = {Frontiers in Artificial Intelligence and Applications},
  year      = {2014},
  pages     = {143-152},
  volume    = {271},
  timestamp = {2016.03.25},
}
@Article{bommarito2010,
  author    = {Bommarito, Michael J. and Katz, Daniel Martin and Zelner, Jon and Fowler, James H.},
  title     = {Distance Measures for Dynamic Citation Networks},
  journal   = {Physica A},
  pages     = {4201-4208},
  year      = {2010},
  volume    = {389},
  timestamp = {2016.05.26},
}
@Article{ruhl2017,
  author  = {J. B. Ruhl and Daniel Martin Katz and Michael J. Bommarito},
  title   = {Harnessing Legal Complexity},
  journal = {Science},
  pages   = {1377-1378},
  year    = {2017},
  volume  = {355},
}
@Article{post2000,
  author    = {Post, David G. and Eisen, Michael B.},
  title     = {How Long is the Coastline of the Law? Thoughts on the Fractal Nature of Legal Systems},
  journal   = {The Journal of Legal Studies},
  pages     = {545-584},
  year      = {2000},
  volume    = {29},
  timestamp = {2016.01.09},
}
@Article{porter2005,
  author    = {Porter, Mason A. and Mucha, Peter J. and Newman, M. E. J. and Warmbrand, Casey M.},
  title     = {A Network Analysis of Committees in the U.S. House of Representatives},
  journal   = {PNAS},
  pages     = {7057-7062},
  year      = {2005},
  volume    = {102},
  number    = {20},
  timestamp = {2016.08.10},
}
@Article{fowler2006,
  author    = {Fowler, James H.},
  title     = {Connecting the Congress: A Study of Legislative Cosponsorship Networks},
  journal   = {Political Analysis},
  pages     = {454--465},
  year      = {2006},
  volume    = {14},
  number    = {4},
  timestamp = {2016.03.24},
}
@Article{rosvall2009,
	author  = {M. Rosvall and D. Axelsson and C. T. Bergstrom},
	title   = {The Map Equation},
	journal = {The European Physical Journal Special Topics},
	pages   = {13--23},
	year    = {2009},
	volume  = {178},
}
@Article{rosvall2008,
	author  = {Martin Rosvall and Carl T. Bergstrom},
	title   = {Maps of Random Walks on Complex Networks Reveal Community Structure},
	journal = {PNAS},
	pages   = {1118--1123},
	year    = {2008},
	volume  = {105},
	number  = {4},
}

@article{lancichinetti2012,
    author = {Lancichinetti, Andrea and Fortunato, Santo},
    journal = {Scientific Reports},
    title = {Consensus clustering in complex networks},
    volume = {2},
    year = {2012},
    pages = {336}
}

@incollection{winkler1990,
    author = {Winkler, William E.},
    booktitle = {Proceedings of the Section on Survey Research, American Statistical Association},
    pages = {354--359},
    title = {String Comparator Metrics and Enhanced Decision Rules in the Fellegi-Sunter Model of Record Linkage},
    year = {1990}
}

@misc{domspec,
	author = {WHATWG},
	title = {DOM Standard},
	howpublished = {\url{https://dom.spec.whatwg.org}},
	year = {2020}
}

@book{zweigertkoetz1998,
  author    = {Zweigert, Konrad and K\"otz, Hein},
  title     = {An Introduction to Comparative Law},
  year      = {1998},
  publisher = {Clarendon Press},
  location  = {Oxford},
  edition   = {3},
}

@misc{husa2016,
	author = "Jaakko Husa",
	title = "The Future of Legal Families",
	year = "2016",
	month = "05",
	year = "2016",
	publisher = "Oxford University Press",
	doi = "10.1093/oxfordhb/9780199935352.013.26",
	url = "https://www.oxfordhandbooks.com/view/10.1093/oxfordhb/9780199935352.001.0001/oxfordhb-9780199935352-e-26"
}

@incollection{glenn2019,
  title     = {Comparative Legal Families and Comparative Legal Traditions},
  author    = {Glenn, H. Patrick},
  booktitle = {The Oxford handbook of comparative law},
  editor    = {Reimann, Mathias and Zimmermann, Reinhard},
  year      = {2019},
}

@article{bommarito2010a,
  author    = {Bommarito, Michael J. and Katz, Daniel Martin},
  title     = {A Mathematical Approach to the Study of the United States Code},
  journal   = {Physica A},
  pages     = {4195-4200},
  year      = {2010},
  volume    = {389},
}

@incollection{sweeney2014,
  author    = {Particia M. Sweeney and Elizabeth F. Bjerke and Margaret A. Potter and Hasan Guclu and Christopher R. Keane and Kevin D. Ashley and Matthias Grabmair and Rebecca Hwa},
  title     = {Network Analysis of Manually-Encoded State Laws and Prospects for Automation},
  booktitle = {Network Analysis in Law},
  editor    = {Winkels and Lettieri and Faro},
  publisher = {Edizioni Scietifiche Italiane},
  location  = {Napoli},
  year      = {2014},
  pages     = {53-77},
}

@incollection{winkels2014,
  author    = {Winkels, Radboud and Boer, Alexander and Plantevin, Ivan},
  title     = {Creating Context Networks in Dutch Legislation},
  booktitle = {Legal Knowledge and Information Systems},
  editor    = {Ashley, Kevin D.},
  publisher = {IOS Press},
  location  = {Amsterdam},
  year      = {2014},
  pages     = {155-164},
}

@article{lee2019,
  author    = {Lee, Bokwon and Lee, Kyu-Min and Yang, Jae-Suk},
  journal   = {PLOS ONE},
  publisher = {Public Library of Science},
  title     = {Network structure reveals patterns of legal complexity in human society: The case of the Constitutional legal network},
  year      = {2019},
  month     = {01},
  volume    = {14},
  url       = {https://doi.org/10.1371/journal.pone.0209844},
  pages     = {1-15},
  number    = {1},
  doi       = {10.1371/journal.pone.0209844},
}

@article{torrance2017,
  author  = {Torrance, Andrew W. and West, Jevin D.},
  title   = {All Patents Great and Small: A Big Data Network Approach to Valuation},
  journal = {Virginia Journal of Law \& Technology},
  pages   = {466-504},
  year    = {2017},
  volume  = {20},
  number  = {3},
}

@article{rutherford2018,
  author  = {Rutherford, Alex and Lupu, Yonatan and Cebrian, Manuel and Rahwan, Iyad and LeVeck, Brad L. and Garcia-Herranz, Manuel},
  title   = {Inferring mechanisms for global constitutional progress},
  journal = {Nature Human Behaviour},
  pages   = {592-599},
  year    = {2018},
  doi     = {10.1038/s41562-018-0382-8},
  url     = {https://doi.org/10.1038/s41562-018-0382-8},
}

@article{rockmore2017,
author = {Rockmore, Daniel and Fang, Chen and Foti, Nicholas and Ginsburg, Tom and Krakauer, David},
year    = {2017},
month   = {11},
pages   = {483-494},
title   = {The cultural evolution of national constitutions},
volume  = {69},
journal = {Journal of the Association for Information Science and Technology},
doi     = {10.1002/asi.23971}
}

@article{whalen2016,
  author    = {Whalen, Ryan},
  title     = {Legal Networks: The Promises and Challenges of Legal Network Analysis},
  journal   = {Michigan State Law Review},
  pages     = {539-565},
  year      = {2016},
}

@article{spamann2009,
  title     = {Large-sample, quantitative research designs for comparative law?},
  author    = {Spamann, Holger},
  journal   = {The American Journal of Comparative Law},
  volume    = {57},
  number    = {4},
  pages     = {797-810},
  year      = {2009},
  publisher ={Oxford University Press},
}

@book{schaper2013,
  author    = {Schaper, Marcel},
  title     = {The Structure and Organization of EU Law in the Field of Direct Taxes},
  year      = {2013},
  publisher = {Stichting Internationaal Belasting Documentatie Bureau},
  location  = {Amsterdam},
}
@book{ebrahim2019,
	title={Measuring Social Change: Performance and Accountability in a Complex World},
	author={Ebrahim, Alnoor},
	year={2019},
	publisher={Stanford University Press}
}
@article{strandburg:2006,
	author    = {Strandburg, Katherine J. and Cs\'ardi, G\'abor and Tobochnik, Jan and \'Erdi, P\'eter and Zal\'anyi, L\'aszl\'o},
	title     = {Law and the Science of Networks: An Overview and an Application to the \textquoteleft Patent Explosion\textquoteright{}},
	journal   = {Berkeley Technology Law Journal},
	pages     = {1293-1362},
	year      = {2006},
	volume    = {21},
	number    = {4},
}

@article{strandburg:2009,
	author    = {Strandburg, Katherine J. and Cs\'ardi, G\'abor and Tobochnik, Jan and \'Erdi, P\'eter and Zal\'anyi, L\'aszl\'o},
	title     = {Patent Citation Networks Revisited: Signs of a Twenty-First Century Change?},
	journal   = {North Carolina Law Review},
	pages     = {1657-1698},
	year      = {2009},
	volume    = {87},
}
@book{coupette2019,
	title={Juristische Netzwerkforschung: Modellierung, Quantifizierung und Visualisierung relationaler Daten im Recht [Legal Network Science: Modeling, Measuring, and Mapping Relational Data in Law]},
	author={Coupette, Corinna},
	year={2019},
	publisher={Mohr Siebeck},
	location={T\"ubingen},
	pagetotal={XVIII + 376},
}
@article{bowers1937,
	title={The direction of intra-societal diffusion},
	author={Bowers, Raymond V},
	journal={American Sociological Review},
	volume={2},
	number={6},
	pages={826--836},
	year={1937},
	publisher={JSTOR}
}
@article{bogue1952,
	title={The quantitative study of social dynamics and social change},
	author={Bogue, Donald J},
	journal={American Journal of Sociology},
	volume={57},
	number={6},
	pages={565--568},
	year={1952},
	publisher={University of Chicago Press}
}
@book{tuma1984,
	title={Social dynamics models and methods},
	author={Tuma, Nancy Brandon},
	year={1984},
	publisher={Elsevier}
}
@article{castellano2009,
	title={Statistical physics of social dynamics},
	author={Castellano, Claudio and Fortunato, Santo and Loreto, Vittorio},
	journal={Reviews of modern physics},
	volume={81},
	number={2},
	pages={591},
	year={2009},
	publisher={APS}
}
@article{hubert1985,
	title={Comparing partitions},
	author={Hubert, Lawrence and Arabie, Phipps},
	journal={Journal of classification},
	volume={2},
	number={1},
	pages={193--218},
	year={1985},
	publisher={Springer}
}
@article{strehl2002,
	title={Cluster ensembles---a knowledge reuse framework for combining multiple partitions},
	author={Strehl, Alexander and Ghosh, Joydeep},
	journal={Journal of machine learning research},
	volume={3},
	number={Dec},
	pages={583--617},
	year={2002}
}
@misc{uspto2020,
	author = {United States Patent and Trademark Office},
	title = {U.S. Patent Statistics Chart},
	howpublished = {\url{https://www.uspto.gov/web/offices/ac/ido/oeip/taf/us_stat.htm}},
	year = {2020}
}
@book{schutze2008,
	title={Introduction to information retrieval},
	author={Sch{\"u}tze, Hinrich and Manning, Christopher D and Raghavan, Prabhakar},
	year={2008},
	publisher={Cambridge University Press Cambridge}
}